{
  "leader": "04748cam a2200685 a 4500",
  "fields": [
    {
      "001": "ocm09219468\\"
    },
    {
      "003": "OCoLC"
    },
    {
      "005": "20220706162414.0"
    },
    {
      "008": "830120s1983\\\\\\\\nju\\\\\\\\\\\\b\\\\\\\\001\\0\\eng\\\\"
    },
    {
      "010": {
        "ind1": "\\",
        "ind2": "\\",
        "subfields": [
          {
            "a": "   83003047 "
          }
        ]
      }
    },
    {
      "040": {
        "ind1": "\\",
        "ind2": "\\",
        "subfields": [
          {
            "a": "DLC"
          },
          {
            "b": "eng"
          },
          {
            "c": "DLC"
          },
          {
            "d": "NLM"
          },
          {
            "d": "UKM"
          },
          {
            "d": "MUQ"
          },
          {
            "d": "NLGGC"
          },
          {
            "d": "YDXCP"
          },
          {
            "d": "DEBBG"
          },
          {
            "d": "ZVM"
          },
          {
            "d": "BDX"
          },
          {
            "d": "OCLCO"
          },
          {
            "d": "CS1"
          },
          {
            "d": "UKMGB"
          },
          {
            "d": "OCLCF"
          },
          {
            "d": "OCLCQ"
          },
          {
            "d": "OCLCO"
          },
          {
            "d": "OCLCQ"
          },
          {
            "d": "OCLCO"
          },
          {
            "d": "MUO"
          },
          {
            "d": "OCLCA"
          },
          {
            "d": "OCLCQ"
          },
          {
            "d": "OCLCO"
          },
          {
            "d": "MNX"
          },
          {
            "d": "OCLCQ"
          },
          {
            "d": "OCLCO"
          },
          {
            "d": "OCLCA"
          },
          {
            "d": "PAU"
          },
          {
            "d": "OCLCO"
          },
          {
            "d": "OCLCQ"
          },
          {
            "d": "AU@"
          },
          {
            "d": "OCLCA"
          },
          {
            "d": "OCLCQ"
          },
          {
            "d": "CPS"
          },
          {
            "d": "OCLCA"
          },
          {
            "d": "OCLCQ"
          },
          {
            "d": "OCLCO"
          },
          {
            "d": "RST"
          },
          {
            "d": "JABUK"
          },
          {
            "d": "AKC"
          },
          {
            "d": "S2H"
          },
          {
            "d": "EUN"
          },
          {
            "d": "OCLCO"
          },
          {
            "d": "LVT"
          },
          {
            "d": "OCLCA"
          },
          {
            "d": "UNOMP"
          },
          {
            "d": "OCLCQ"
          },
          {
            "d": "OCLCO"
          },
          {
            "d": "OCLCQ"
          },
          {
            "d": "OCLCO"
          }
        ]
      }
    },
    {
      "016": {
        "ind1": "7",
        "ind2": "\\",
        "subfields": [
          {
            "a": "8300950"
          },
          {
            "2": "DNLM"
          }
        ]
      }
    },
    {
      "016": {
        "ind1": "7",
        "ind2": "\\",
        "subfields": [
          {
            "a": "008488752"
          },
          {
            "2": "Uk"
          }
        ]
      }
    },
    {
      "016": {
        "ind1": "7",
        "ind2": "\\",
        "subfields": [
          {
            "a": "011977919"
          },
          {
            "2": "Uk"
          }
        ]
      }
    },
    {
      "019": {
        "ind1": "\\",
        "ind2": "\\",
        "subfields": [
          {
            "a": "9194729"
          },
          {
            "a": "12482372"
          },
          {
            "a": "25591329"
          },
          {
            "a": "232128897"
          },
          {
            "a": "1058122065"
          },
          {
            "a": "1059812170"
          },
          {
            "a": "1060804877"
          },
          {
            "a": "1061997183"
          },
          {
            "a": "1065393495"
          },
          {
            "a": "1071793360"
          },
          {
            "a": "1078496274"
          },
          {
            "a": "1200793480"
          },
          {
            "a": "1205355822"
          },
          {
            "a": "1205385975"
          },
          {
            "a": "1205527721"
          },
          {
            "a": "1224042171"
          },
          {
            "a": "1224847979"
          },
          {
            "a": "1225183371"
          },
          {
            "a": "1227615293"
          },
          {
            "a": "1229189921"
          },
          {
            "a": "1229606604"
          },
          {
            "a": "1230284676"
          },
          {
            "a": "1246689085"
          }
        ]
      }
    },
    {
      "020": {
        "ind1": "\\",
        "ind2": "\\",
        "subfields": [
          {
            "a": "0691083320"
          },
          {
            "q": "(alk. paper)"
          }
        ]
      }
    },
    {
      "020": {
        "ind1": "\\",
        "ind2": "\\",
        "subfields": [
          {
            "a": "9780691083322"
          },
          {
            "q": "(alk. paper)"
          }
        ]
      }
    },
    {
      "020": {
        "ind1": "\\",
        "ind2": "\\",
        "subfields": [
          {
            "a": "0691024138"
          }
        ]
      }
    },
    {
      "020": {
        "ind1": "\\",
        "ind2": "\\",
        "subfields": [
          {
            "a": "9780691024134"
          }
        ]
      }
    },
    {
      "035": {
        "ind1": "\\",
        "ind2": "\\",
        "subfields": [
          {
            "a": "(OCoLC)9219468"
          },
          {
            "z": "(OCoLC)9194729"
          },
          {
            "z": "(OCoLC)12482372"
          },
          {
            "z": "(OCoLC)25591329"
          },
          {
            "z": "(OCoLC)232128897"
          },
          {
            "z": "(OCoLC)1058122065"
          },
          {
            "z": "(OCoLC)1059812170"
          },
          {
            "z": "(OCoLC)1060804877"
          },
          {
            "z": "(OCoLC)1061997183"
          },
          {
            "z": "(OCoLC)1065393495"
          },
          {
            "z": "(OCoLC)1071793360"
          },
          {
            "z": "(OCoLC)1078496274"
          },
          {
            "z": "(OCoLC)1200793480"
          },
          {
            "z": "(OCoLC)1205355822"
          },
          {
            "z": "(OCoLC)1205385975"
          },
          {
            "z": "(OCoLC)1205527721"
          },
          {
            "z": "(OCoLC)1224042171"
          },
          {
            "z": "(OCoLC)1224847979"
          },
          {
            "z": "(OCoLC)1225183371"
          },
          {
            "z": "(OCoLC)1227615293"
          },
          {
            "z": "(OCoLC)1229189921"
          },
          {
            "z": "(OCoLC)1229606604"
          },
          {
            "z": "(OCoLC)1230284676"
          },
          {
            "z": "(OCoLC)1246689085"
          }
        ]
      }
    },
    {
      "043": {
        "ind1": "\\",
        "ind2": "\\",
        "subfields": [
          {
            "a": "n-us---"
          }
        ]
      }
    },
    {
      "050": {
        "ind1": "0",
        "ind2": "0",
        "subfields": [
          {
            "a": "RC443"
          },
          {
            "b": ".G75 1983"
          }
        ]
      }
    },
    {
      "060": {
        "ind1": "0",
        "ind2": "0",
        "subfields": [
          {
            "a": "WM 11 AA1"
          },
          {
            "b": "G8m 1983"
          }
        ]
      }
    },
    {
      "082": {
        "ind1": "0",
        "ind2": "0",
        "subfields": [
          {
            "a": "362.20973"
          },
          {
            "b": "GRO"
          }
        ]
      }
    },
    {
      "100": {
        "ind1": "1",
        "ind2": "\\",
        "subfields": [
          {
            "a": "Grob, Gerald N.,"
          },
          {
            "d": "1931-2015."
          }
        ]
      }
    },
    {
      "245": {
        "ind1": "1",
        "ind2": "0",
        "subfields": [
          {
            "a": "Mental illness and American society, 1875-1940 /"
          },
          {
            "c": "Gerald N. Grob."
          }
        ]
      }
    },
    {
      "260": {
        "ind1": "\\",
        "ind2": "\\",
        "subfields": [
          {
            "a": "Princeton, N.J. :"
          },
          {
            "b": "Princeton University Press,"
          },
          {
            "c": "\u00a91983."
          }
        ]
      }
    },
    {
      "300": {
        "ind1": "\\",
        "ind2": "\\",
        "subfields": [
          {
            "a": "xiii, 428 pages ;"
          },
          {
            "c": "25 cm"
          }
        ]
      }
    },
    {
      "336": {
        "ind1": "\\",
        "ind2": "\\",
        "subfields": [
          {
            "a": "text"
          },
          {
            "b": "txt"
          },
          {
            "2": "rdacontent"
          }
        ]
      }
    },
    {
      "337": {
        "ind1": "\\",
        "ind2": "\\",
        "subfields": [
          {
            "a": "unmediated"
          },
          {
            "b": "n"
          },
          {
            "2": "rdamedia"
          }
        ]
      }
    },
    {
      "338": {
        "ind1": "\\",
        "ind2": "\\",
        "subfields": [
          {
            "a": "volume"
          },
          {
            "b": "nc"
          },
          {
            "2": "rdacarrier"
          }
        ]
      }
    },
    {
      "504": {
        "ind1": "\\",
        "ind2": "\\",
        "subfields": [
          {
            "a": "Includes bibliographical references (pages 397-414) and index."
          }
        ]
      }
    },
    {
      "505": {
        "ind1": "0",
        "ind2": "\\",
        "subfields": [
          {
            "a": "Prologue -- The mental hospital -- American psychiatry: a specialty adrift -- The transformation of psychiatry -- The search for public policy -- The quest for psychiatric authority -- The mental hygiene movement -- The invisible patient -- Dilemmas of control: accountability versus autonomy -- The emergence of the mental health professionals -- The psychiatric response -- Mental hospitals and psychiatry between the wars -- Epilogue."
          }
        ]
      }
    },
    {
      "586": {
        "ind1": "\\",
        "ind2": "\\",
        "subfields": [
          {
            "a": "American Association for the History of Medicine William H. Welch Medal, 1986."
          }
        ]
      }
    },
    {
      "520": {
        "ind1": "\\",
        "ind2": "\\",
        "subfields": [
          {
            "a": "\"Gerald Grob examines the complex interrealtionships of patients, psychiatrists, mental hospitals, and government between 1875 and World War II. Challenging the now prevalent notion that mental hospitals in this period functioned as jails, he finds that, despite their shortcomings, they provided care for people unable to survive by themselves. From a rich variety of previously unexploited sources, he shows how professional and political concerns, rather than patient needs, changed American attitudes toward mental hospitals from support to antipathy.\"--Back cover"
          }
        ]
      }
    },
    {
      "546": {
        "ind1": "\\",
        "ind2": "\\",
        "subfields": [
          {
            "a": "English."
          }
        ]
      }
    },
    {
      "650": {
        "ind1": "\\",
        "ind2": "0",
        "subfields": [
          {
            "a": "Mental illness"
          },
          {
            "x": "Treatment"
          },
          {
            "z": "United States"
          },
          {
            "x": "History."
          }
        ]
      }
    },
    {
      "650": {
        "ind1": "\\",
        "ind2": "0",
        "subfields": [
          {
            "a": "Psychiatry"
          },
          {
            "z": "United States"
          },
          {
            "x": "History."
          }
        ]
      }
    },
    {
      "650": {
        "ind1": "\\",
        "ind2": "0",
        "subfields": [
          {
            "a": "Mental health policy"
          },
          {
            "z": "United States"
          },
          {
            "x": "History."
          }
        ]
      }
    },
    {
      "650": {
        "ind1": "\\",
        "ind2": "0",
        "subfields": [
          {
            "a": "Psychiatric hospital care"
          },
          {
            "z": "United States"
          },
          {
            "x": "History."
          }
        ]
      }
    },
    {
      "650": {
        "ind1": "\\",
        "ind2": "0",
        "subfields": [
          {
            "a": "Mental illness"
          },
          {
            "z": "United States"
          },
          {
            "x": "History."
          }
        ]
      }
    },
    {
      "650": {
        "ind1": "\\",
        "ind2": "0",
        "subfields": [
          {
            "a": "Mental health policy"
          },
          {
            "z": "United States."
          }
        ]
      }
    },
    {
      "650": {
        "ind1": "\\",
        "ind2": "2",
        "subfields": [
          {
            "a": "Hospitals, Psychiatric"
          },
          {
            "x": "history"
          }
        ]
      }
    },
    {
      "650": {
        "ind1": "\\",
        "ind2": "2",
        "subfields": [
          {
            "a": "Mental Disorders"
          },
          {
            "x": "history"
          }
        ]
      }
    },
    {
      "651": {
        "ind1": "\\",
        "ind2": "2",
        "subfields": [
          {
            "a": "United States"
          }
        ]
      }
    },
    {
      "650": {
        "ind1": "\\",
        "ind2": "7",
        "subfields": [
          {
            "a": "Mental health policy."
          },
          {
            "2": "fast"
          },
          {
            "0": "(OCoLC)fst01016492"
          }
        ]
      }
    },
    {
      "650": {
        "ind1": "\\",
        "ind2": "7",
        "subfields": [
          {
            "a": "Mental illness"
          },
          {
            "x": "Treatment."
          },
          {
            "2": "fast"
          },
          {
            "0": "(OCoLC)fst01016606"
          }
        ]
      }
    },
    {
      "650": {
        "ind1": "\\",
        "ind2": "7",
        "subfields": [
          {
            "a": "Psychiatric hospital care."
          },
          {
            "2": "fast"
          },
          {
            "0": "(OCoLC)fst01081013"
          }
        ]
      }
    },
    {
      "650": {
        "ind1": "\\",
        "ind2": "7",
        "subfields": [
          {
            "a": "Psychiatry."
          },
          {
            "2": "fast"
          },
          {
            "0": "(OCoLC)fst01081152"
          }
        ]
      }
    },
    {
      "651": {
        "ind1": "\\",
        "ind2": "7",
        "subfields": [
          {
            "a": "United States."
          },
          {
            "2": "fast"
          },
          {
            "0": "(OCoLC)fst01204155"
          }
        ]
      }
    },
    {
      "655": {
        "ind1": "\\",
        "ind2": "7",
        "subfields": [
          {
            "a": "History."
          },
          {
            "2": "fast"
          },
          {
            "0": "(OCoLC)fst01411628"
          }
        ]
      }
    },
    {
      "773": {
        "ind1": "0",
        "ind2": "\\",
        "subfields": [
          {
            "t": "ACLS Humanities E-Book."
          },
          {
            "n": "URL: http://www.humanitiesebook.org"
          }
        ]
      }
    },
    {
      "776": {
        "ind1": "1",
        "ind2": "\\",
        "subfields": [
          {
            "c": "Original"
          },
          {
            "z": "0691083320"
          },
          {
            "w": "(DLC)   83003047"
          }
        ]
      }
    },
    {
      "856": {
        "ind1": "4",
        "ind2": "1",
        "subfields": [
          {
            "3": "ACLS History Project"
          },
          {
            "u": "http://hdl.handle.net/2027/heb.05747"
          },
          {
            "z": "An electronic book accessible through the World Wide Web; click for access"
          }
        ]
      }
    },
    {
      "856": {
        "ind1": "4",
        "ind2": "1",
        "subfields": [
          {
            "u": "http://hdl.handle.net/2027/heb.05747"
          }
        ]
      }
    },
    {
      "856": {
        "ind1": "4",
        "ind2": "2",
        "subfields": [
          {
            "u": "http://libanswers.liverpool.ac.uk/faq/182315"
          },
          {
            "z": "Reading advice (software, printing, accessibility, privacy)"
          }
        ]
      }
    },
    {
      "856": {
        "ind1": "4",
        "ind2": "\\",
        "subfields": [
          {
            "u": "http://library.ncl.ac.uk/openurl/?u.ignore_date_coverage=true&rft.mms_id=990009143580102411"
          },
          {
            "p": "5395079440002411"
          },
          {
            "x": "UkNcU"
          }
        ]
      }
    },
    {
      "994": {
        "ind1": "\\",
        "ind2": "\\",
        "subfields": [
          {
            "a": "Z0"
          },
          {
            "b": "NYRVC"
          }
        ]
      }
    },
    {
      "948": {
        "ind1": "\\",
        "ind2": "\\",
        "subfields": [
          {
            "h": "NO HOLDINGS IN NYRVC - 991 OTHER HOLDINGS"
          }
        ]
      }
    },
    {
      "999": {
        "ind1": "\\",
        "ind2": "\\",
        "subfields": [
          {
            "a": "00000000013422"
          }
        ]
      }
    }
  ]
}